@article{guo2012edge,
  title={Edge guided reconstruction for compressive imaging},
  author={Guo, Weihong and Yin, Wotao},
  journal={SIAM Journal on Imaging Sciences},
  volume={5},
  number={3},
  pages={809--834},
  year={2012},
  publisher={SIAM}
}
@article{zhangPCM2017,
  title={PCM-TV-TFV: A Novel Two-Stage Framework for Image Reconstruction from Fourier Data},
  author={Zhang, Yue and Guo, Weihong and Song, Guohui},
  journal={SIAM Journal on Imaging Sciences},
  year={2017},
  publisher={SIAM}
}

@article{ram2011generalized,
  title={Generalized tree-based wavelet transform},
  author={Ram, Idan and Elad, Michael and Cohen, Israel},
  journal={IEEE Transactions on Signal Processing},
  volume={59},
  number={9},
  pages={4199--4209},
  year={2011},
  publisher={IEEE}
}
@inproceedings{wang2015trend,
  title={Trend Filtering on Graphs.},
  author={Wang, Yu-Xiang and Sharpnack, James and Smola, Alexander J and Tibshirani, Ryan J},
  booktitle={AISTATS},
  year={2015}
}
@article{shuman2013emerging,
  title={The emerging field of signal processing on graphs: Extending high-dimensional data analysis to networks and other irregular domains},
  author={Shuman, David I and Narang, Sunil K and Frossard, Pascal and Ortega, Antonio and Vandergheynst, Pierre},
  journal={IEEE Signal Processing Magazine},
  volume={30},
  number={3},
  pages={83--98},
  year={2013},
  publisher={IEEE}
}
@article{song2013approximating,
  title={Approximating the inverse frame operator from localized frames},
  author={Song, Guohui and Gelb, Anne},
  journal={Applied and Computational Harmonic Analysis},
  volume={35},
  number={1},
  pages={94--110},
  year={2013},
  publisher={Elsevier}
}
@article{zhang2015total,
  title={A Total Fractional-Order Variation Model for Image Restoration with Nonhomogeneous Boundary Conditions and Its Numerical Solution},
  author={Zhang, Jianping and Chen, Ke},
  journal={SIAM Journal on Imaging Sciences},
  volume={8},
  number={4},
  pages={2487--2518},
  year={2015},
  publisher={SIAM}
}@article{chen2013fractional,
  title={Fractional-order TV-L2 model for image denoising},
  author={Chen, Dali and Sun, Shenshen and Zhang, Congrong and Chen, YangQuan and Xue, Dingyu},
  journal={Central European Journal of Physics},
  volume={11},
  number={10},
  pages={1414--1422},
  year={2013},
  publisher={Springer}
}
@article{gelb_frame_2014,
	title = {A {Frame} {Theoretic} {Approach} to the {Nonuniform} {Fast} {Fourier} {Transform}},
	volume = {52},
	issn = {0036-1429},
	url = {http://epubs.siam.org/doi/abs/10.1137/13092160X},
	doi = {10.1137/13092160X},
	abstract = {Nonuniform Fourier data are routinely collected in applications such as magnetic resonance imaging, synthetic aperture radar, and synthetic imaging in radio astronomy.  To acquire a fast reconstruction that does not require an online inverse process, the nonuniform fast Fourier transform (NFFT), also called convolutional gridding,  is frequently employed.  While various investigations have led to improvements in accuracy, efficiency, and robustness of the NFFT, not much attention has been paid to the fundamental analysis of the scheme, and in particular its convergence properties.  This paper analyzes the convergence of the NFFT by casting it as a Fourier frame approximation. In so doing, we are able to design parameters for the method that satisfy conditions for numerical convergence. Our so-called frame theoretic convolutional gridding algorithm can also be applied to detect features (such as edges) from nonuniform Fourier samples of piecewise smooth functions.},
	number = {3},
	urldate = {2016-05-14},
	journal = {SIAM J. Numer. Anal.},
	author = {Gelb, A. and Song, G.},
	month = jan,
	year = {2014},
	pages = {1222--1242},
	file = {A Frame Theoretic Approach to the Nonuniform Fast Fourier Transform_Gelb_Song_2014.pdf:C\:\\Users\\User\\AppData\\Roaming\\Zotero\\Zotero\\Profiles\\syk7qk80.default\\zotero\\storage\\3UGW243Z\\A Frame Theoretic Approach to the Nonuniform Fast Fourier Transform_Gelb_Song_2014.pdf:application/pdf;Snapshot:C\:\\Users\\User\\AppData\\Roaming\\Zotero\\Zotero\\Profiles\\syk7qk80.default\\zotero\\storage\\JK7N67F6\\13092160X.html:text/html}
}

@article{adcock_generalized_2015,
	title = {Generalized {Sampling} and {Infinite}-{Dimensional} {Compressed} {Sensing}},
	issn = {1615-3375, 1615-3383},
	url = {http://link.springer.com/article/10.1007/s10208-015-9276-6},
	doi = {10.1007/s10208-015-9276-6},
	abstract = {We introduce and analyze a framework and corresponding method for compressed sensing in infinite dimensions. This extends the existing theory from finite-dimensional vector spaces to the case of separable Hilbert spaces. We explain why such a new theory is necessary by demonstrating that existing finite-dimensional techniques are ill suited for solving a number of key problems. This work stems from recent developments in generalized sampling theorems for classical (Nyquist rate) sampling that allows for reconstructions in arbitrary bases. A conclusion of this paper is that one can extend these ideas to allow for significant subsampling of sparse or compressible signals. Central to this work is the introduction of two novel concepts in sampling theory, the stable sampling rate and the balancing property, which specify how to appropriately discretize an infinite-dimensional problem.},
	language = {en},
	urldate = {2016-05-14},
	journal = {Found Comput Math},
	author = {Adcock, Ben and Hansen, Anders C.},
	month = aug,
	year = {2015},
	keywords = {15B52, 42C40, 47A99, 94A20, Applications of Mathematics, compressed sensing, Computer Science, general, Economics general, Generalized sampling, Hilbert spaces, Linear and Multilinear Algebras, Matrix Theory, Math Applications in Computer Science, Numerical Analysis, Uneven sections},
	pages = {1--61},
	file = {Generalized Sampling and Infinite-Dimensional Compressed Sensing_Adcock_Hansen_2015.pdf:C\:\\Users\\User\\AppData\\Roaming\\Zotero\\Zotero\\Profiles\\syk7qk80.default\\zotero\\storage\\ITUXRPUU\\Generalized Sampling and Infinite-Dimensional Compressed Sensing_Adcock_Hansen_2015.pdf:application/pdf;Snapshot:C\:\\Users\\User\\AppData\\Roaming\\Zotero\\Zotero\\Profiles\\syk7qk80.default\\zotero\\storage\\94PMBN4D\\s10208-015-9276-6.html:text/html}
}

@article{deng_single_2015,
	title = {Single image super-resolution via an iterative reproducing kernel {Hilbert} space method},
	volume = {PP},
	issn = {1051-8215},
	doi = {10.1109/TCSVT.2015.2475895},
	abstract = {Image super-resolution, a process to enhance image resolution, has important applications in satellite imaging, high definition television, medical imaging, etc. Many existing approaches use multiple low-resolution images to recover one highresolution image. In this paper, we present an iterative scheme to solve single image super-resolution problems. It recovers a high quality high-resolution image from solely one low-resolution image without using a training data set. We solve the problem from image intensity function estimation perspective and assume the image contains smooth and edge components. We model the smooth components of an image using a thin-plate reproducing kernel Hilbert space (RKHS) and the edges using approximated Heaviside functions. The proposed method is applied to image patches, aiming to reduce computation and storage. Visual and quantitative comparisons with some competitive approaches show the effectiveness of the proposed method.},
	number = {99},
	journal = {IEEE Transactions on Circuits and Systems for Video Technology},
	author = {Deng, L. J. and Guo, W. and Huang, T. Z.},
	year = {2015},
	keywords = {Heaviside function, Hilbert space, Image edge detection, Image resolution, Interpolation, iterative RKHS, Kernel, Signal resolution, Single image super-resolution, Splines (mathematics), thin-plate spline},
	pages = {1--1},
	file = {IEEE Xplore Abstract Record:C\:\\Users\\User\\AppData\\Roaming\\Zotero\\Zotero\\Profiles\\syk7qk80.default\\zotero\\storage\\ARFEV69E\\abs_all.html:text/html;Single image super-resolution via an iterative reproducing kernel Hilbert space_Deng et al_2015.pdf:C\:\\Users\\User\\AppData\\Roaming\\Zotero\\Zotero\\Profiles\\syk7qk80.default\\zotero\\storage\\S8ZGPISV\\Deng et al. - 2015 - Single image super-resolution via an iterative rep.pdf:application/pdf}
}
@article{bai2007fractional,
  title={Fractional-order anisotropic diffusion for image denoising},
  author={Bai, Jian and Feng, Xiang-Chu},
  journal={Image Processing, IEEE Transactions on},
  volume={16},
  number={10},
  pages={2492--2502},
  year={2007},
  publisher={IEEE}
}

@article{bertozzi2016diffuse,
  title={Diffuse Interface Models on Graphs for Classification of High Dimensional Data},
  author={Bertozzi, Andrea L and Flenner, Arjuna},
  journal={SIAM Review},
  volume={58},
  number={2},
  pages={293--328},
  year={2016},
  publisher={SIAM}
}@article{zheng2011graph,
  title={Graph regularized sparse coding for image representation},
  author={Zheng, Miao and Bu, Jiajun and Chen, Chun and Wang, Can and Zhang, Lijun and Qiu, Guang and Cai, Deng},
  journal={IEEE Transactions on Image Processing},
  volume={20},
  number={5},
  pages={1327--1336},
  year={2011},
  publisher={IEEE}
}
@inproceedings{bresson2013multiclass,
  title={Multiclass total variation clustering},
  author={Bresson, Xavier and Laurent, Thomas and Uminsky, David and von Brecht, James},
  booktitle={Advances in Neural Information Processing Systems},
  pages={1421--1429},
  year={2013}
}
@inproceedings{kheradmand2015motion,
  title={Motion deblurring with graph Laplacian regularization},
  author={Kheradmand, Amin and Milanfar, Peyman},
  booktitle={SPIE/IS\&T Electronic Imaging},
  pages={94040C--94040C},
  year={2015},
  organization={International Society for Optics and Photonics}
}
@inproceedings{kheradmand2013general,
  title={A general framework for kernel similarity-based image denoising},
  author={Kheradmand, Amin and Milanfar, Peyman},
  booktitle={Global Conference on Signal and Information Processing (GlobalSIP), 2013 IEEE},
  pages={415--418},
  year={2013},
  organization={IEEE}
}
@article{yin2016laplacian,
  title={Laplacian regularized low-rank representation and its applications},
  author={Yin, Ming and Gao, Junbin and Lin, Zhouchen},
  journal={IEEE transactions on pattern analysis and machine intelligence},
  volume={38},
  number={3},
  pages={504--517},
  year={2016},
  publisher={IEEE}
}
@inproceedings{gao2010local,
  title={Local features are not lonely--Laplacian sparse coding for image classification},
  author={Gao, Shenghua and Tsang, Ivor Wai-Hung and Chia, Liang-Tien and Zhao, Peilin},
  booktitle={Computer Vision and Pattern Recognition (CVPR), 2010 IEEE Conference on},
  pages={3555--3561},
  year={2010},
  organization={IEEE}
}
@article{gao2013laplacian,
  title={Laplacian sparse coding, hypergraph laplacian sparse coding, and applications},
  author={Gao, Shenghua and Tsang, Ivor Wai-Hung and Chia, Liang-Tien},
  journal={IEEE Transactions on Pattern Analysis and Machine Intelligence},
  volume={35},
  number={1},
  pages={92--104},
  year={2013},
  publisher={IEEE}
}

@article{belkin2003laplacian,
  title={Laplacian eigenmaps for dimensionality reduction and data representation},
  author={Belkin, Mikhail and Niyogi, Partha},
  journal={Neural computation},
  volume={15},
  number={6},
  pages={1373--1396},
  year={2003},
  publisher={MIT Press}
}
@article{bickel2009simultaneous,
  title={Simultaneous analysis of Lasso and Dantzig selector},
  author={Bickel, Peter J and Ritov, Ya'acov and Tsybakov, Alexandre B},
  journal={The Annals of Statistics},
  pages={1705--1732},
  year={2009},
  publisher={JSTOR}
}
@inproceedings{liu2009estimation,
  title={Estimation consistency of the group lasso and its applications},
  author={Liu, Han and Zhang, Jian},
  booktitle={International Conference on Artificial Intelligence and Statistics},
  pages={376--383},
  year={2009}
}
@article{meinshausen2009lasso,
  title={Lasso-type recovery of sparse representations for high-dimensional data},
  author={Meinshausen, Nicolai and Yu, Bin},
  journal={The Annals of Statistics},
  pages={246--270},
  year={2009},
  publisher={JSTOR}
}
@misc{david_generalized_1982,
	title = {A generalized linear model with Gaussian regressor variables},
	howpublished = {A Festschrift for Erich L. Lehmann},
	author = {Brillinger, David R.},
	year = {1982},
	pages = {97--114}
}

@article{ravikumar_high-dimensional_2010,
	title = {High-dimensional {Ising} model selection using {L}1-regularized logistic regression},
	volume = {38},
	number = {3},
	journal = {The Annals of Statistics},
	author = {Ravikumar, Pradeep and Wainwright, Martin J. and Lafferty, John D. and {others}},
	year = {2010},
	pages = {1287--1319},
	file = {Snapshot:C\:\\Users\\User\\AppData\\Roaming\\Zotero\\Zotero\\Profiles\\syk7qk80.default\\zotero\\storage\\AT3HEBVW\\1268056617.html:text/html}
}

@article{bunea_honest_2008,
	title = {Honest variable selection in linear and logistic regression models via {L}1 and {L}1+ {L}2 penalization},
	volume = {2},
	journal = {Electronic Journal of Statistics},
	author = {Bunea, Florentina},
	year = {2008},
	pages = {1153--1194},
	file = {Snapshot:C\:\\Users\\User\\AppData\\Roaming\\Zotero\\Zotero\\Profiles\\syk7qk80.default\\zotero\\storage\\ZIPH8JU3\\1229450666.html:text/html}
}

@article{chen_atomic_1998,
	title = {Atomic decomposition by basis pursuit},
	volume = {20},
	journal = {SIAM journal on scientific computing},
	author = {Chen, Scott Shaobing and Donoho, David L. and Saunders, Michael A.},
	year = {1998},
	pages = {33--61},
	file = {Atomic decomposition by basis pursuit_Chen et al_1998.pdf:C\:\\Users\\User\\AppData\\Roaming\\Zotero\\Zotero\\Profiles\\syk7qk80.default\\zotero\\storage\\TXHNHAMC\\Atomic decomposition by basis pursuit_Chen et al_1998.pdf:application/pdf;Snapshot:C\:\\Users\\User\\AppData\\Roaming\\Zotero\\Zotero\\Profiles\\syk7qk80.default\\zotero\\storage\\TTXDAZX2\\S1064827596304010.html:text/html}
}

@article{donoho_neighborliness_2005,
	title = {Neighborliness of randomly projected simplices in high dimensions},
	volume = {102},
	number = {27},
	journal = {Proceedings of the National Academy of Sciences of the United States of America},
	author = {Donoho, David L. and Tanner, Jared},
	year = {2005},
	pages = {9452--9457},
	file = {[HTML] from pnas.org:C\:\\Users\\User\\AppData\\Roaming\\Zotero\\Zotero\\Profiles\\syk7qk80.default\\zotero\\storage\\GXBEM2R6\\9452.html:text/html;Snapshot:C\:\\Users\\User\\AppData\\Roaming\\Zotero\\Zotero\\Profiles\\syk7qk80.default\\zotero\\storage\\EKJZ4P8W\\9452.html:text/html}
}

@article{feuer_sparse_2003,
	title = {On sparse representation in pairs of bases},
	volume = {49},
	number = {6},
	journal = {IEEE Transactions on Information Theory},
	author = {Feuer, Arie and Nemirovski, Arkadi},
	year = {2003},
	pages = {1579--1581},
	file = {On sparse representation in pairs of bases_Feuer_Nemirovski_2003.pdf:C\:\\Users\\User\\AppData\\Roaming\\Zotero\\Zotero\\Profiles\\syk7qk80.default\\zotero\\storage\\BTCK7ZF7\\On sparse representation in pairs of bases_Feuer_Nemirovski_2003.pdf:application/pdf}
}

@article{candes_robust_2006,
	title = {Robust uncertainty principles: {Exact} signal reconstruction from highly incomplete frequency information},
	volume = {52},
	shorttitle = {Robust uncertainty principles},
	number = {2},
	journal = {Information Theory, IEEE Transactions on},
	author = {Cand�s, Emmanuel J. and Romberg, Justin and Tao, Terence},
	year = {2006},
	pages = {489--509},
	file = {Robust uncertainty principles_Cand�s et al_2006.pdf:C\:\\Users\\User\\AppData\\Roaming\\Zotero\\Zotero\\Profiles\\syk7qk80.default\\zotero\\storage\\QVIWNSCG\\Robust uncertainty principles_Cand�s et al_2006.pdf:application/pdf;Snapshot:C\:\\Users\\User\\AppData\\Roaming\\Zotero\\Zotero\\Profiles\\syk7qk80.default\\zotero\\storage\\8HXPQ72K\\abs_all.html:text/html}
}

@article{candes_simple_2013,
	title = {Simple bounds for recovering low-complexity models},
	volume = {141},
	number = {1-2},
	journal = {Mathematical Programming},
	author = {Cand�s, Emmanuel and Recht, Benjamin},
	year = {2013},
	pages = {577--589},
	file = {Simple bounds for recovering low-complexity models_Cand�s_Recht_2013.pdf:C\:\\Users\\User\\AppData\\Roaming\\Zotero\\Zotero\\Profiles\\syk7qk80.default\\zotero\\storage\\WVH8J6Q4\\Simple bounds for recovering low-complexity models_Cand�s_Recht_2013.pdf:application/pdf;Snapshot:C\:\\Users\\User\\AppData\\Roaming\\Zotero\\Zotero\\Profiles\\syk7qk80.default\\zotero\\storage\\WPCGEGPR\\s10107-012-0540-0.html:text/html}
}

@article{zou_adaptive_2006,
	title = {The adaptive lasso and its oracle properties},
	volume = {101},
	number = {476},
	journal = {Journal of the American statistical association},
	author = {Zou, Hui},
	year = {2006},
	pages = {1418--1429},
	file = {Snapshot:C\:\\Users\\User\\AppData\\Roaming\\Zotero\\Zotero\\Profiles\\syk7qk80.default\\zotero\\storage\\RXHDIDF5\\016214506000000735.html:text/html}
}

@inproceedings{stein_bound_1972,
	title = {A bound for the error in the normal approximation to the distribution of a sum of dependent random variables},
	abstract = {Project Euclid - mathematics and statistics online},
	language = {EN},
	publisher = {The Regents of the University of California},
	author = {Stein, Charles},
	year = {1972},
	file = {Snapshot:C\:\\Users\\User\\AppData\\Roaming\\Zotero\\Zotero\\Profiles\\syk7qk80.default\\zotero\\storage\\EKBCHWD7\\1200514239.html:text/html}
}

@article{liu_siegels_1994,
	title = {Siegel's formula via {Stein}'s identities},
	volume = {21},
	issn = {0167-7152},
	doi = {10.1016/0167-7152(94)90121-X},
	abstract = {Inspired by a surprising formula in Siegel (1993), we find it convenient to compute covariances, even for order statistics, by using Stein's (1972) identities. Generalizations of Siegel's formula to other order statistics as well as other distributions are obtained along this line.},
	number = {3},
	journal = {Statistics \& Probability Letters},
	author = {Liu, Jun S.},
	month = oct,
	year = {1994},
	keywords = {Covariance with order statistics, Exponential family, Multivariate Stein's identity},
	pages = {247--251},
	file = {ScienceDirect Snapshot:C\:\\Users\\User\\AppData\\Roaming\\Zotero\\Zotero\\Profiles\\syk7qk80.default\\zotero\\storage\\SWFAAE92\\016771529490121X.html:text/html;Siegel's formula via Stein's identities_Liu_1994.pdf:C\:\\Users\\User\\AppData\\Roaming\\Zotero\\Zotero\\Profiles\\syk7qk80.default\\zotero\\storage\\ICWFQHT7\\Siegel's formula via Stein's identities_Liu_1994.pdf:application/pdf}
}

@misc{cvx,
  author       = {Michael Grant and Stephen Boyd},
  title        = {{CVX}: Matlab Software for Disciplined Convex Programming, version 2.1},
  howpublished = {\url{http://cvxr.com/cvx}},
  month        = mar,
  year         = 2014
}
@incollection{gb08,
  author    = {Michael Grant and Stephen Boyd},
  title     = {Graph implementations for nonsmooth convex programs},
  booktitle = {Recent Advances in Learning and Control},
  series    = {Lecture Notes in Control and Information Sciences},
  editor    = {V. Blondel and S. Boyd and H. Kimura},
  publisher = {Springer-Verlag Limited},
  pages     = {95--110},
  year      = 2008,
  note      = {\url{http://stanford.edu/~boyd/graph_dcp.html}}
}
@incollection{brillinger_generalized_2012,
	title = {A generalized linear model with �{Gaussian}� regressor variables},
	booktitle = {Selected {Works} of {David} {Brillinger}},
	publisher = {Springer},
	author = {Brillinger, David R.},
	year = {2012},
	pages = {589--606},
	file = {Snapshot:C\:\\Users\\User\\AppData\\Roaming\\Zotero\\Zotero\\Profiles\\syk7qk80.default\\zotero\\storage\\7B2AAVGM\\978-1-4614-1344-8_34.html:text/html}
}

@article{knight_asymptotics_2000,
	title = {Asymptotics for lasso-type estimators},	journal = {Annals of statistics},
	author = {Knight, Keith and Fu, Wenjiang},
	year = {2000},
	pages = {1356--1378}
}

@article{negahban_unified_2012,
	title = {A {Unified} {Framework} for {High}-{Dimensional} {Analysis} of \${M}\$-{Estimators} with {Decomposable} {Regularizers}},
	volume = {27},
	issn = {0883-4237},
	doi = {10.1214/12-STS400},
	language = {en},
	number = {4},
	journal = {Statistical Science},
	author = {Negahban, Sahand N. and Ravikumar, Pradeep and Wainwright, Martin J. and Yu, Bin},
	month = nov,
	year = {2012},
	pages = {538--557},
	file = {A Unified Framework for High-Dimensional Analysis of \$M\$-Estimators with_Negahban et al_2012.pdf:C\:\\Users\\User\\AppData\\Roaming\\Zotero\\Zotero\\Profiles\\syk7qk80.default\\zotero\\storage\\9JJ3A4IR\\A Unified Framework for High-Dimensional Analysis of \$M\$-Estimators with_Negahban et al_2012.pdf:application/pdf}
}

@article{donoho_compressed_2006,
	title = {Compressed sensing},
	volume = {52},
	issn = {0018-9448},
	doi = {10.1109/TIT.2006.871582},
	number = {4},
	journal = {IEEE Transactions on Information Theory},
	author = {Donoho, D.L.},
	month = apr,
	year = {2006},
	pages = {1289--1306},
	file = {Compressed sensing_Donoho_2006.pdf:C\:\\Users\\User\\Dropbox\\Daily Work\\Courses General\\Machine Learning\\Compressed sensing_Donoho_2006.pdf:application/pdf}
}

@article{bach_consistency_2008,
	title = {Consistency of the group lasso and multiple kernel learning},
	volume = {9},
	journal = {The Journal of Machine Learning Research},
	author = {Bach, Francis R.},
	year = {2008},
	pages = {1179--1225},
	file = {Consistency of the group lasso and multiple kernel learning_Bach_2008.pdf:C\:\\Users\\User\\AppData\\Roaming\\Zotero\\Zotero\\Profiles\\syk7qk80.default\\zotero\\storage\\HT6FR797\\Consistency of the group lasso and multiple kernel learning_Bach_2008.pdf:application/pdf}
}

@article{boyd_distributed_2010,
	title = {Distributed {Optimization} and {Statistical} {Learning} via the {Alternating} {Direction} {Method} of {Multipliers}},
	volume = {3},
	issn = {1935-8237, 1935-8245},
	doi = {10.1561/2200000016},
	language = {en},
	number = {1},
	journal = {Foundations and Trends� in Machine Learning},
	author = {Boyd, Stephen},
	year = {2010},
	pages = {1--122}
}

@article{westony_feature_????,
	title = {Feature {Selection} for {SVMs}},
	author = {Weston�, J. and Mukherjee��, S. and Chapelle, O. and Pontil��, M.},
	file = {Feature Selection for SVMs_Weston� et al_.pdf:C\:\\Users\\User\\Dropbox\\Daily Work\\Courses General\\Machine Learning\\Feature Selection for SVMs_Weston� et al_.pdf:application/pdf}
}

@article{meinshausen_high-dimensional_2006,
	title = {High-dimensional graphs and variable selection with the {Lasso}},
	volume = {34},
	issn = {0090-5364},
	doi = {10.1214/009053606000000281},
	language = {en},
	number = {3},
	journal = {The Annals of Statistics},
	author = {Meinshausen, Nicolai and B�hlmann, Peter},
	month = jun,
	year = {2006},
	pages = {1436--1462},
	file = {HIGH-DIMENSIONAL GRAPHS AND VARIABLE SELECTION.pdf:C\:\\Users\\User\\AppData\\Roaming\\Zotero\\Zotero\\Profiles\\syk7qk80.default\\zotero\\storage\\GP4J98XQ\\HIGH-DIMENSIONAL GRAPHS AND VARIABLE SELECTION.pdf:application/pdf}
}

@inproceedings{thrampoulidis_lasso_2015,
	title = {{LASSO} with {Non}-linear {Measurements} is {Equivalent} to {One} {With} {Linear} {Measurements}},
	booktitle = {Advances in {Neural} {Information} {Processing} {Systems}},
	author = {Thrampoulidis, Christos and Abbasi, Ehsan and Hassibi, Babak},
	year = {2015},
	pages = {3402--3410},
	file = {The LASSO with Non-linear Measurements is Equivalent to One With Linear_Thrampoulidis et al_2015.pdf:C\:\\Users\\User\\AppData\\Roaming\\Zotero\\Zotero\\Profiles\\syk7qk80.default\\zotero\\storage\\J4PXIJ2T\\The LASSO with Non-linear Measurements is Equivalent to One With Linear_Thrampoulidis et al_2015.pdf:application/pdf}
}

@article{yuan_model_2006,
	title = {Model selection and estimation in regression with grouped variables},
	volume = {68},
	number = {1},
	journal = {Journal of the Royal Statistical Society: Series B (Statistical Methodology)},
	author = {Yuan, Ming and Lin, Yi},
	year = {2006},
	pages = {49--67},
	file = {Model selection and estimation in regression with group variables.pdf:C\:\\Users\\User\\AppData\\Roaming\\Zotero\\Zotero\\Profiles\\syk7qk80.default\\zotero\\storage\\2ET5KT3B\\Model selection and estimation in regression with group variables.pdf:application/pdf}
}

@misc{_normal_????,
	title = {Normal {Deviate}},
	abstract = {Thoughts on Statistics and Machine Learning},
	journal = {Normal Deviate},
	file = {Snapshot:C\:\\Users\\User\\AppData\\Roaming\\Zotero\\Zotero\\Profiles\\syk7qk80.default\\zotero\\storage\\T4TMNDZD\\normaldeviate.wordpress.com.html:text/html}
}

@article{jia_model_2010,
	title = {{ON} {MODEL} {SELECTION} {CONSISTENCY} {OF}},
	volume = {20},
	journal = {Statistica Sinica},
	author = {Jia, Jinzhu and Yu, Bin},
	year = {2010},
	pages = {595--611},
	file = {On Model Selection Consistency of the Elastic Net_Jia_Yu_2010.pdf:C\:\\Users\\User\\AppData\\Roaming\\Zotero\\Zotero\\Profiles\\syk7qk80.default\\zotero\\storage\\W3WAU27E\\On Model Selection Consistency of the Elastic Net_Jia_Yu_2010.pdf:application/pdf}
}

@article{zhao_model_2006,
	title = {On model selection consistency of {Lasso}},
	volume = {7},
	journal = {The Journal of Machine Learning Research},
	author = {Zhao, Peng and Yu, Bin},
	year = {2006},
	pages = {2541--2563},
	file = {On model selection consistency of Lasso_Zhao_Yu_2006.pdf:C\:\\Users\\User\\AppData\\Roaming\\Zotero\\Zotero\\Profiles\\syk7qk80.default\\zotero\\storage\\BCXWTPUI\\On model selection consistency of Lasso_Zhao_Yu_2006.pdf:application/pdf}
}

@article{lee_model_2015,
	title = {On model selection consistency of regularized {M}-estimators},
	volume = {9},
	issn = {1935-7524},
	doi = {10.1214/15-EJS1013},
	language = {en},
	number = {1},
	journal = {Electronic Journal of Statistics},
	author = {Lee, Jason D. and Sun, Yuekai and Taylor, Jonathan E.},
	year = {2015},
	pages = {608--642},
	file = {On model selection consistency of regularized M-estimators_Lee et al_2015.pdf:C\:\\Users\\User\\AppData\\Roaming\\Zotero\\Zotero\\Profiles\\syk7qk80.default\\zotero\\storage\\IJM86PHP\\On model selection consistency of regularized M-estimators_Lee et al_2015.pdf:application/pdf}
}

@article{jia_model_2010-1,
	title = {On {Model} {Selection} {Consistency} of the {Elastic} {Net}},
	volume = {20},
	journal = {Statistica Sinica},
	author = {Jia, Jinzhu and Yu, Bin},
	year = {2010},
	pages = {595--611}
}

@article{poggio_mathematical_2002,
	title = {On the mathematical foundations of learning},
	volume = {39},
	number = {1},
	journal = {American Mathematical Society},
	author = {Poggio, T. and Shelton, C. R.},
	year = {2002},
	pages = {1--49},
	file = {On the mathematical foundations of learning_Poggio_Shelton_2002.pdf:C\:\\Users\\User\\Dropbox\\Daily Work\\Courses General\\Machine Learning\\On the mathematical foundations of learning_Poggio_Shelton_2002.pdf:application/pdf}
}

@article{yuan_non-negative_2007,
	title = {On the non-negative garrotte estimator},
	volume = {69},
	number = {2},
	journal = {Journal of the Royal Statistical Society: Series B (Statistical Methodology)},
	author = {Yuan, Ming and Lin, Yi},
	year = {2007},
	pages = {143--161},
	file = {Snapshot:C\:\\Users\\User\\AppData\\Roaming\\Zotero\\Zotero\\Profiles\\syk7qk80.default\\zotero\\storage\\ZTG4M8K7\\full.html:text/html}
}

@article{tibshirani_regression_1996,
	title = {Regression shrinkage and selection via the lasso},
	journal = {Journal of the Royal Statistical Society. Series B (Methodological)},
	author = {Tibshirani, Robert},
	year = {1996},
	pages = {267--288}
}

@article{wainwright_sharp_2009,
	title = {Sharp {Thresholds} for {High}-{Dimensional} and {Noisy} {Sparsity} {Recovery} {Using} -{Constrained} {Quadratic} {Programming} ({Lasso})},
	volume = {55},
	issn = {0018-9448},
	doi = {10.1109/TIT.2009.2016018},
	abstract = {The problem of consistently estimating the sparsity pattern of a vector beta* isin Rp based on observations contaminated by noise arises in various contexts, including signal denoising, sparse approximation, compressed sensing, and model selection. We analyze the behavior of l1-constrained quadratic programming (QP), also referred to as the Lasso, for recovering the sparsity pattern. Our main result is to establish precise conditions on the problem dimension p, the number k of nonzero elements in beta*, and the number of observations n that are necessary and sufficient for sparsity pattern recovery using the Lasso. We first analyze the case of observations made using deterministic design matrices and sub-Gaussian additive noise, and provide sufficient conditions for support recovery and linfin-error bounds, as well as results showing the necessity of incoherence and bounds on the minimum value. We then turn to the case of random designs, in which each row of the design is drawn from a N (0, Sigma) ensemble. For a broad class of Gaussian ensembles satisfying mutual incoherence conditions, we compute explicit values of thresholds 0 {\textless} thetasl(Sigma) les thetasu(Sigma) {\textless} +infin with the following properties: for any delta {\textgreater} 0, if n {\textgreater} 2 (thetasu + delta) klog (p- k), then the Lasso succeeds in recovering the sparsity pattern with probability converging to one for large problems, whereas for n {\textless} 2 (thetasl - delta)klog (p - k), then the probability of successful recovery converges to zero. For the special case of the uniform Gaussian ensemble (Sigma = Iptimesp), we show that thetasl = thetas{\textless}u = 1, so that the precise threshold n = 2 klog(p- k) is exactly determined.},
	number = {5},
	journal = {IEEE Transactions on Information Theory},
	author = {Wainwright, M.J.},
	month = may,
	year = {2009},
	keywords = {$_{\textrm{1}}$-constraints, Additive noise, compressed sensing, Context modeling, convex relaxation, deterministic design matrices, Graphical models, high-dimensional inference, high-dimensional recovery, l1 -constrained quadratic programming, Lasso, model selection, noisy sparsity recovery, Pattern analysis, phase transitions, Polynomials, quadratic programming, sharp thresholds, signal denoising, sparse approximation, sparse matrices, sparsity pattern recovery, Statistics, subGaussian additive noise, subset selection, Sufficient conditions, uniform Gaussian ensemble},
	pages = {2183--2202},
	file = {IEEE Xplore Abstract Record:C\:\\Users\\User\\AppData\\Roaming\\Zotero\\Zotero\\Profiles\\syk7qk80.default\\zotero\\storage\\NZV6C3ZP\\abs_all.html:text/html;Sharp Thresholds for High-Dimensional and Noisy Sparsity Recovery Using_Wainwright_2009.pdf:C\:\\Users\\User\\AppData\\Roaming\\Zotero\\Zotero\\Profiles\\syk7qk80.default\\zotero\\storage\\NTF89UA4\\Sharp Thresholds for High-Dimensional and Noisy Sparsity Recovery Using_Wainwright_2009.pdf:application/pdf}
}

@article{candes_simple_2013,
	title = {Simple bounds for recovering low-complexity models},
	volume = {141},
	number = {1-2},
	journal = {Mathematical Programming},
	author = {Cand�s, Emmanuel and Recht, Benjamin},
	year = {2013},
	pages = {577--589},
	file = {11.candes.recht.pdf:C\:\\Users\\User\\AppData\\Roaming\\Zotero\\Zotero\\Profiles\\syk7qk80.default\\zotero\\storage\\5RE2F9WP\\11.candes.recht.pdf:application/pdf}
}

@article{plan_generalized_2015,
	title = {The generalized {Lasso} with non-linear observations},
	journal = {arXiv preprint arXiv:1502.04071},
	author = {Plan, Yaniv and Vershynin, Roman},
	year = {2015},
	file = {The generalized Lasso with non-linear observations_Plan_Vershynin_2015.pdf:C\:\\Users\\User\\AppData\\Roaming\\Zotero\\Zotero\\Profiles\\syk7qk80.default\\zotero\\storage\\ZFUTW8WA\\The generalized Lasso with non-linear observations_Plan_Vershynin_2015.pdf:application/pdf}
}

@article{thrampoulidis_lasso_2015-1,
	title = {The {LASSO} with {Non}-linear {Measurements} is {Equivalent} to {One} {With} {Linear} {Measurements}},
	journal = {arXiv preprint arXiv:1506.02181},
	author = {Thrampoulidis, Chrtistos and Abbasi, Ehsan and Hassibi, Babak},
	year = {2015}
}
@article{Tateishi20101125,
title = "Nonlinear regression modeling via the lasso-type regularization ",
journal = "Journal of Statistical Planning and Inference ",
volume = "140",
number = "5",
pages = "1125 - 1134",
year = "2010",
note = "",
issn = "0378-3758",
author = "Shohei Tateishi and Hidetoshi Matsui and Sadanori Konishi",
keywords = "Basis expansion",
keywords = "Bayes approach",
keywords = "Information criterion",
keywords = "Lasso",
keywords = "Nonlinear regression",
keywords = "Regularization ",
abstract = "We consider the problem of constructing nonlinear regression models with Gaussian basis functions, using lasso regularization. Regularization with a lasso penalty is an advantageous in that it estimates some coefficients in linear regression models to be exactly zero. We propose imposing a weighted lasso penalty on a nonlinear regression model and thereby selecting the number of basis functions effectively. In order to select tuning parameters in the regularization method, we use a deviance information criterion proposed by Spiegelhalter et al. (2002), calculating the effective number of parameters by Gibbs sampling. Simulation results demonstrate that our methodology performs well in various situations. "
}


